<record><leader>00000cas a22000007a 4500</leader><controlfield tag="001">16963971</controlfield><controlfield tag="008">871111d18841902iauwr ne      0    0eng d</controlfield><datafield ind1=" " ind2=" " tag="010"><subfield code="a">sn 87057046 </subfield></datafield><datafield ind1=" " ind2=" " tag="040"><subfield code="a">INP</subfield><subfield code="b">eng</subfield><subfield code="c">INP</subfield><subfield code="d">OCLCQ</subfield></datafield><datafield ind1=" " ind2=" " tag="042"><subfield code="a">msc</subfield></datafield><datafield ind1="0" ind2="4" tag="245"><subfield code="a">The Kingsley times.</subfield></datafield><datafield ind1=" " ind2=" " tag="260"><subfield code="a">Kingsley, Plymouth County, Iowa :</subfield><subfield code="b">H.C. Tripp</subfield></datafield><datafield ind1=" " ind2=" " tag="300"><subfield code="a">v.</subfield></datafield><datafield ind1=" " ind2=" " tag="310"><subfield code="a">Weekly</subfield></datafield><datafield ind1="1" ind2=" " tag="362"><subfield code="a">Issued 1884?-1902.</subfield></datafield><datafield ind1=" " ind2=" " tag="500"><subfield code="a">Publisher varies.</subfield></datafield><datafield ind1=" " ind2=" " tag="515"><subfield code="a">Vol. 13, no. [32] (Aug. 8, 1895) misnumbered v. 13, no. 39.</subfield></datafield><datafield ind1=" " ind2=" " tag="515"><subfield code="a">&lt;Vol. 13, no. [32] (Aug. 8, 1895)-v. 13, no. 38 (Sept. 19, 1895)&gt; called also whole no. &lt;709-715&gt;.</subfield></datafield><datafield ind1=" " ind2=" " tag="588"><subfield code="a">Description based on: Vol. 12, no. 27 (June 28, 1894).</subfield></datafield><datafield ind1=" " ind2=" " tag="752"><subfield code="a">United States</subfield><subfield code="b">Iowa</subfield><subfield code="c">Plymouth</subfield><subfield code="d">Kingsley.</subfield></datafield><datafield ind1="0" ind2="0" tag="780"><subfield code="t">Plymouth County lynx</subfield><subfield code="w">(DLC)sn 87057045</subfield></datafield><datafield ind1="0" ind2="7" tag="785"><subfield code="t">Kingsley news</subfield><subfield code="w">(DLC)sn 87057048</subfield></datafield><datafield ind1="0" ind2="7" tag="785"><subfield code="t">Kingsley news-times</subfield><subfield code="w">(DLC)sn 87057049</subfield></datafield></record>